@book{RW1,
    author    = "Klaus-Peter Haberl und Gerhard Veidl und Helmut Bauer und Hans Mayr und Rudolf Lechner",
    title     = "Rechnungswesen und Controlling HLW I",
    year      = "2014",
    publisher = "MANZ Verlag Schulbuch GmbH",
    address   = "Österreich, Wien"
}

@book{RW2,
    author    = "Klaus-Peter Haberl und Gerhard Veidl und Helmut Bauer und Hans Mayr und Rudolf Lechner",
    title     = "Rechnungswesen und Controlling HLW II",
    year      = "2015",
    publisher = "MANZ Verlag Schulbuch GmbH",
    address   = "Österreich, Wien"
}

@book{RW3,
    author    = "Klaus-Peter Haberl und Gerhard Veidl und Helmut Bauer und Hans Mayr und Rudolf Lechner",
    title     = "Rechnungswesen und Controlling HLW III",
    year      = "2016",
    publisher = "MANZ Verlag Schulbuch GmbH",
    address   = "Österreich, Wien"
}

@book{RW4,
    author    = "Klaus-Peter Haberl und Gerhard Veidl und Helmut Bauer und Hans Mayr und Rudolf Lechner",
    title     = "Rechnungswesen und Controlling HLW IV",
    year      = "2017",
    publisher = "MANZ Verlag Schulbuch GmbH",
    address   = "Österreich, Wien"
}

@book{DPGOF,
    author    = "Erich Gamma und Richard Helm und Ralph Johnson und John Vlissides",
    title     = "Design Patterns - Elements of Reusable Object-Oriented Software",
    year      = "2009",
    publisher = "Addison-Wesley",
    address   = "Vereinigte Staaten, Boston"
}

@book{Vererbung,
    author    = "Jürgen Kunz",
    title     = "Vererbung für Systementwickler: Grundlagen und Anwendungen",
    year      = "1995",
    publisher = "Vieweg",
    address   = "Deutschland, Braunschweig, Wiesbaden"
}

@book{OS,
    author    = "Andrew S. Tanenbaum",
    title     = "Modern Operating Systems",
    year      = "2009",
    publisher = "Pearson Prentice Hall",
    address   = "Upper Saddle River, NJ 07458"
}